
@inproceedings{kaye_analysis_2021,
	title = {An {Analysis} of chronometric cosmology},
	language = {English},
	publisher = {Tufts University},
	author = {Kaye, Maxwell},
	month = mar,
	year = {2021},
}
