@article{cmb4ped,
	doi = {10.1146/annurev.nucl.54.070103.181232},
	url = {https://doi.org/10.1146%2Fannurev.nucl.54.070103.181232},
	year = 2007,
	month = {nov},
	publisher = {Annual Reviews},
	volume = {57},
	number = {1},
	pages = {245--283},
	author = {Dorothea Samtleben and Suzanne Staggs and Bruce Winstein},
	title = {The Cosmic Microwave Background for Pedestrians: A Review for Particle and Nuclear Physicists},
	journal = {Annual Review of Nuclear and Particle Science}
}

@article{nasa,
    title = {Beyond {Our} {Solar} {System}},
    url = {https://solarsystem.nasa.gov/solar-system/beyond/overview/#:~:
           text=All%20of%20the%20stars%20in,around%2028%2C000%20light%2Dyears%20away.},
    journal = {NASA},
    month = apr,
    year = {2023},
}

@article{s_update_2016,
    title = {{AN} {UPDATE} {ON} {MONITORING} {STELLAR} {ORBITS} {IN} {THE}
             {GALACTIC}         {CENTER}},
    doi = {https://doi.org/10.3847/1538-4357/aa5c41},
    author = {S, Gillessen and P.M., Plewa},
    year = {2016},
}

@article{van_den_bergh_local_1999,
    title = {The local group of galaxies},
    volume = {9},
    doi = {10.1007/s001590050019},
    author = {van den Bergh, Sidney},
    month = jan,
    year = {1999},
    pages = {273--318},
}

@article{warren_hubble_nodate,
    title = {The {Hubble} constant, explained},
    journal = {uchicago news},
    author = {Warren, Sasha},
}

@article{labbe,
    title = {A population of red candidate galaxies {\textasciitilde}600 {Myr}
             after the      {Big} {Bang}},
    doi = {https://doi.org/10.1038/s41586-023-05786-2},
    author = {Labbe, Ivo and Pleter, Dokkum},
    month = feb,
    year = {2023},
}

