@article{cmb4ped,
    doi = {10.1146/annurev.nucl.54.070103.181232},
    url = {https://doi.org/10.1146%2Fannurev.nucl.54.070103.181232},
    year = 2007,
    month = {nov},
    publisher = {Annual Reviews},
    volume = {57},
    number = {1},
    pages = {245--283},
    author = {Dorothea Samtleben and Suzanne Staggs and Bruce Winstein},
    title = {The Cosmic Microwave Background for Pedestrians: A Review for
                 Particle and       Nuclear Physicists},
    journal = {Annual Review of Nuclear and Particle Science}
}

@article{nasa,
	title = {Beyond {Our} {Solar} {System}},
	url = {https://solarsystem.nasa.gov/solar-system/beyond/overview/#:~:text=All%20of%20the%20stars%20in,around%2028%2C000%20light%2Dyears%20away.},
	journal = {NASA},
	month = apr,
	year = {2023},
}

@article{stellar_orbits,
	title = {{AN} {UPDATE} {ON} {MONITORING} {STELLAR} {ORBITS} {IN} {THE} {GALACTIC} {CENTER}},
	doi = {https://doi.org/10.3847/1538-4357/aa5c41},
	author = {S, Gillessen and P.M., Plewa},
	year = {2016},
}

@article{local_group,
	title = {The local group of galaxies},
	volume = {9},
	doi = {10.1007/s001590050019},
	author = {van den Bergh, Sidney},
	month = jan,
	year = {1999},
	pages = {273--318},
}

@article{hub_const,
	title = {The {Hubble} constant, explained},
	journal = {uchicago news},
	author = {Warren, Sasha},
}

@article{labbe,
	title = {A population of red candidate galaxies {\textasciitilde}600 {Myr} after the {Big} {Bang}},
	doi = {https://doi.org/10.1038/s41586-023-05786-2},
	author = {Labbe, Ivo and Pleter, Dokkum},
	month = feb,
	year = {2023},
}

@inproceedings{kaye,
    title = {An {Analysis} of chronometric cosmology},
    language = {English},
    publisher = {Tufts University},
    author = {Kaye, Maxwell},
    month = mar,
    year = {2021},
}

@book{segal_b,
	address = {MIT},
	series = {Pure and {Applied} {Mathematics}},
	title = {{MATHEMATICAL} {COSMOLOGY} and {EXTRAGALACTIC} {ASTRONOMY}},
	publisher = {Academic Press},
	author = {Segal, Irving},
	year = {1976},
}

@article{segal_spinor,
	title = {Analysis in {Space}-{Time} {Bundles}, {II}. {The} {Spinor} and {Form} {Bundles}},
	journal = {Journal of Functional Analysis},
	author = {Segal, Irving and Paneitz, Stephen},
	year = {1982},
	pages = {335--414},
}

@article{segal_cmb,
    title = {Radiation in the {Einstein} universe and the cosmic background},
    volume = {28},
    number = {10},
    journal = {The American Physical Society},
    author = {Segal, Irving},
    year = {2983},
    pages = {2393--2401},
}


@article{melchior_a-l_surface_2007,
	title = {The surface brightness of the {Galaxy} at the solar neighbourhood *},
	volume = {462},
	url = {https://doi.org/10.1051/0004-6361:20066188},
	doi = {10.1051/0004-6361:20066188},
	number = {3},
	journal = {A\&A},
	author = {{Melchior, A.-L.} and {Combes, F.} and {Gould, A.}},
	year = {2007},
	pages = {965--976},
}

@inbook{eddington, 
    place={Cambridge}, 
    series={Cambridge Science Classics}, 
    title={Diffuse Matter in Space}, 
    DOI={10.1017/CBO9780511600005.015}, 
    booktitle={The Internal Constitution of the Stars}, 
    publisher={Cambridge University Press}, 
    author={Eddington, Arthur S.}, 
    year={1988}, 
    pages={371â€“394}, 
    collection={Cambridge Science Classics}
}
@misc{oregon,
   title = {Galaxy {Properties}},
   copyright = {University of Oregon},
   url = {https://lweb.cfa.harvard.edu/~dfabricant/huchra/seminar/galaxies/},
   urldate = {2023-05-14},
   author = {Immaru},
   file = {Galaxy
           Properties:/home/lux/snap/zotero-snap/common/Zotero/storage/JM7M2RRT/
           galaxies.html:text/html},
}

@misc{harvard,
    title = {The {Milky} {Way} {Galaxy}},
    copyright = {John P. Huchra, Harvard University},
    url = {https://pages.uoregon.edu/imamura/123/lecture-2/lecture-2.html},
    urldate = {2023-05-14},
    author = {Huchra, John},
}
~
