
@article{segal_radiation_2983,
	title = {Radiation in the {Einstein} universe and the cosmic background},
	volume = {28},
	number = {10},
	journal = {The American Physical Society},
	author = {Segal, Irving},
	year = {2983},
	pages = {2393--2401},
}
