
@misc{immaru_galaxy_nodate,
	title = {Galaxy {Properties}},
	copyright = {University of Oregon},
	url = {https://lweb.cfa.harvard.edu/~dfabricant/huchra/seminar/galaxies/},
	urldate = {2023-05-14},
	author = {Immaru},
	file = {Galaxy Properties:/home/lux/snap/zotero-snap/common/Zotero/storage/JM7M2RRT/galaxies.html:text/html},
}

@misc{huchra_milky_nodate,
	title = {The {Milky} {Way} {Galaxy}},
	copyright = {John P. Huchra, Harvard University},
	url = {https://pages.uoregon.edu/imamura/123/lecture-2/lecture-2.html},
	urldate = {2023-05-14},
	author = {Huchra, John},
}
